
   <record>
      <leader>00000nz  a2200000nc 4500</leader>
      <controlfield tag="001">institutions/30004449</controlfield>
      <controlfield tag="003">DE-633</controlfield>
      <controlfield tag="005">20250620052030.0</controlfield>
      <controlfield tag="008">161109||||z|||a|||||||||||||||||n||||||d</controlfield>
      <datafield tag="024" ind1="7" ind2=" ">
         <subfield code="a">159488876</subfield>
         <subfield code="2">VIAF</subfield>
      </datafield>
      <datafield tag="024" ind1="7" ind2=" ">
         <subfield code="a">J-Tnua</subfield>
         <subfield code="q">siglum</subfield>
         <subfield code="2">rism</subfield>
      </datafield>
      <datafield tag="034" ind1="1" ind2=" ">
         <subfield code="d">139.772218</subfield>
         <subfield code="f">35.718798</subfield>
      </datafield>
      <datafield tag="040" ind1=" " ind2=" ">
         <subfield code="a">DE-633</subfield>
         <subfield code="c">DE-633</subfield>
         <subfield code="e">rismg</subfield>
      </datafield>
      <datafield tag="043" ind1=" " ind2=" ">
         <subfield code="c">XB-JP</subfield>
      </datafield>
      <datafield tag="110" ind1="1" ind2=" ">
         <subfield code="a">Tōkyō Geijutsu Daigaku</subfield>
         <subfield code="c">Tōkyō</subfield>
         <subfield code="g">J-Tnua</subfield>
      </datafield>
      <datafield tag="368" ind1=" " ind2=" ">
         <subfield code="a">Institution</subfield>
         <subfield code="a">Library</subfield>
      </datafield>
      <datafield tag="371" ind1=" " ind2=" ">
         <subfield code="a">〒110-0007 Tōkyō-to, Taitō-ku, Uenokōen, 11, 上野公園12-8</subfield>
         <subfield code="b">Tōkyō</subfield>
         <subfield code="d">Japan</subfield>
         <subfield code="u">http://www.geidai.ac.jp/</subfield>
         <subfield code="u">http://www.geidai.ac.jp/english/</subfield>
         <subfield code="u">http://www.lib.geidai.ac.jp/</subfield>
         <subfield code="u">http://www.lib.geidai.ac.jp/Eguide.html</subfield>
         <subfield code="z">tel: +81 3-5685-7736</subfield>
      </datafield>
      <datafield tag="410" ind1=" " ind2=" ">
         <subfield code="a">National University of Fine Arts and Music, Library</subfield>
      </datafield>
      <datafield tag="510" ind1="1" ind2=" ">
         <subfield code="a">Tōkyō Geidai</subfield>
      </datafield>
      <datafield tag="510" ind1="1" ind2=" ">
         <subfield code="a">東京芸術大学 附属図書館</subfield>
      </datafield>
      <datafield tag="510" ind1="1" ind2=" ">
         <subfield code="a">Tokyo University of the Arts, Library</subfield>
      </datafield>
      <datafield tag="551" ind1="1" ind2=" ">
         <subfield code="a">Tōkyō (東京)</subfield>
         <subfield code="0">places/3901223</subfield>
      </datafield>
      <datafield tag="678" ind1="1" ind2=" ">
         <subfield code="a">Music Investigation Committee (Ongaku Torishirabe Kakari) (1879-1887)</subfield>
      </datafield>
      <datafield tag="678" ind1="1" ind2=" ">
         <subfield code="a">Tokyo Academy of Music (Tokyo Ongaku Gakko) (1887-1949)</subfield>
      </datafield>
      <datafield tag="678" ind1="1" ind2=" ">
         <subfield code="a">Tokyo National University of Fine Arts and Music (1949-2004)</subfield>
      </datafield>
      <datafield tag="678" ind1="1" ind2=" ">
         <subfield code="a">Tokyo University of the Arts (since 2004)</subfield>
      </datafield>
   </record>