
   <record>
      <leader>00000nz  a2200000nc 4500</leader>
      <controlfield tag="001">institutions/51005578</controlfield>
      <controlfield tag="003">DE-633</controlfield>
      <controlfield tag="005">20250620052303.0</controlfield>
      <controlfield tag="008">210914||||z|||a|||||||||||||||||n||||||d</controlfield>
      <datafield tag="024" ind1="7" ind2=" ">
         <subfield code="a">124568438</subfield>
         <subfield code="2">VIAF</subfield>
      </datafield>
      <datafield tag="024" ind1="7" ind2=" ">
         <subfield code="a">J-WAkt</subfield>
         <subfield code="q">siglum</subfield>
         <subfield code="2">rism</subfield>
      </datafield>
      <datafield tag="034" ind1="1" ind2=" ">
         <subfield code="d">135.16857743623115</subfield>
         <subfield code="f">34.20744937308275</subfield>
      </datafield>
      <datafield tag="040" ind1=" " ind2=" ">
         <subfield code="a">DE-633</subfield>
         <subfield code="c">DE-633</subfield>
         <subfield code="e">rismg</subfield>
      </datafield>
      <datafield tag="043" ind1=" " ind2=" ">
         <subfield code="c">XB-JP</subfield>
      </datafield>
      <datafield tag="110" ind1="1" ind2=" ">
         <subfield code="a">Wakayama Kenritsu Toshokan</subfield>
         <subfield code="c">Wakayama</subfield>
         <subfield code="g">J-WAkt</subfield>
      </datafield>
      <datafield tag="368" ind1=" " ind2=" ">
         <subfield code="a">Institution</subfield>
         <subfield code="a">Library</subfield>
      </datafield>
      <datafield tag="371" ind1=" " ind2=" ">
         <subfield code="a">1-7-38, Nishi-Takamatsu</subfield>
         <subfield code="b">Wakayama City, 641-0051</subfield>
         <subfield code="d">Japan</subfield>
         <subfield code="m">nanki@lib.wakayama-c.ed.jp</subfield>
         <subfield code="u">https://www.lib.wakayama-c.ed.jp/nanki/en/index.html</subfield>
         <subfield code="z">tel: +81 / 73-436-9500</subfield>
      </datafield>
      <datafield tag="510" ind1="2" ind2=" ">
         <subfield code="a">和歌山県立図書館</subfield>
      </datafield>
      <datafield tag="510" ind1="2" ind2=" ">
         <subfield code="a">Wakayama Prefectural Library</subfield>
      </datafield>
      <datafield tag="551" ind1="1" ind2=" ">
         <subfield code="a">Wakayama (和歌山市)</subfield>
         <subfield code="0">places/3904213</subfield>
      </datafield>
      <datafield tag="678" ind1="1" ind2=" ">
         <subfield code="a">The Nanki Music Library (J-WAn) is held in the Wakayama Prefectural Library since 2017. The Yomiuri Nippon Symphony Orchestra is still the owner of the collection and has entrusted the collection to Wakayama Prefecture since then. The Wakayama Prefectural Library manages the entire collection of it and serves as the contact point for the public. Whereas printed materials of the collection are housed in the Wakayama Prefectural Library and handwritten materials of it in the Wakayama Prefectural Museum.</subfield>
      </datafield>
      <datafield tag="710" ind1="1" ind2=" ">
         <subfield code="a">Nanki Ongaku Bunko</subfield>
         <subfield code="0">institutions/30002007</subfield>
      </datafield>
   </record>